%YAML 1.1
%TAG !u! tag:unity3d.com,2011:
--- !u!1001 &100100000
Prefab:
  m_ObjectHideFlags: 1
  serializedVersion: 2
  m_Modification:
    m_TransformParent: {fileID: 0}
    m_Modifications: []
    m_RemovedComponents: []
  m_SourcePrefab: {fileID: 0}
  m_RootGameObject: {fileID: 1254294590462228}
  m_IsPrefabAsset: 1
--- !u!1 &1007093870252970
GameObject:
  m_ObjectHideFlags: 1
  m_CorrespondingSourceObject: {fileID: 0}
  m_PrefabInternal: {fileID: 100100000}
  serializedVersion: 6
  m_Component:
  - component: {fileID: 4581723025115734}
  m_Layer: 0
  m_Name: Right_Arm
  m_TagString: Untagged
  m_Icon: {fileID: 0}
  m_NavMeshLayer: 0
  m_StaticEditorFlags: 0
  m_IsActive: 1
--- !u!1 &1061775359730408
GameObject:
  m_ObjectHideFlags: 1
  m_CorrespondingSourceObject: {fileID: 0}
  m_PrefabInternal: {fileID: 100100000}
  serializedVersion: 6
  m_Component:
  - component: {fileID: 4566000435497108}
  m_Layer: 0
  m_Name: left_leg1
  m_TagString: Untagged
  m_Icon: {fileID: 0}
  m_NavMeshLayer: 0
  m_StaticEditorFlags: 0
  m_IsActive: 1
--- !u!1 &1065204323751266
GameObject:
  m_ObjectHideFlags: 1
  m_CorrespondingSourceObject: {fileID: 0}
  m_PrefabInternal: {fileID: 100100000}
  serializedVersion: 6
  m_Component:
  - component: {fileID: 4465387229470478}
  m_Layer: 0
  m_Name: head1
  m_TagString: Untagged
  m_Icon: {fileID: 0}
  m_NavMeshLayer: 0
  m_StaticEditorFlags: 0
  m_IsActive: 1
--- !u!1 &1072126335364944
GameObject:
  m_ObjectHideFlags: 1
  m_CorrespondingSourceObject: {fileID: 0}
  m_PrefabInternal: {fileID: 100100000}
  serializedVersion: 6
  m_Component:
  - component: {fileID: 4487316519853028}
  m_Layer: 0
  m_Name: Right_ForeArm
  m_TagString: Untagged
  m_Icon: {fileID: 0}
  m_NavMeshLayer: 0
  m_StaticEditorFlags: 0
  m_IsActive: 1
--- !u!1 &1077948879304832
GameObject:
  m_ObjectHideFlags: 1
  m_CorrespondingSourceObject: {fileID: 0}
  m_PrefabInternal: {fileID: 100100000}
  serializedVersion: 6
  m_Component:
  - component: {fileID: 4221322988773168}
  m_Layer: 0
  m_Name: right_zanu1
  m_TagString: Untagged
  m_Icon: {fileID: 0}
  m_NavMeshLayer: 0
  m_StaticEditorFlags: 0
  m_IsActive: 1
--- !u!1 &1162857091516812
GameObject:
  m_ObjectHideFlags: 1
  m_CorrespondingSourceObject: {fileID: 0}
  m_PrefabInternal: {fileID: 100100000}
  serializedVersion: 6
  m_Component:
  - component: {fileID: 4849653941492448}
  m_Layer: 0
  m_Name: spine2
  m_TagString: Untagged
  m_Icon: {fileID: 0}
  m_NavMeshLayer: 0
  m_StaticEditorFlags: 0
  m_IsActive: 1
--- !u!1 &1174449962591432
GameObject:
  m_ObjectHideFlags: 1
  m_CorrespondingSourceObject: {fileID: 0}
  m_PrefabInternal: {fileID: 100100000}
  serializedVersion: 6
  m_Component:
  - component: {fileID: 4223879845075958}
  m_Layer: 0
  m_Name: tail_11
  m_TagString: Untagged
  m_Icon: {fileID: 0}
  m_NavMeshLayer: 0
  m_StaticEditorFlags: 0
  m_IsActive: 1
--- !u!1 &1215929485646332
GameObject:
  m_ObjectHideFlags: 1
  m_CorrespondingSourceObject: {fileID: 0}
  m_PrefabInternal: {fileID: 100100000}
  serializedVersion: 6
  m_Component:
  - component: {fileID: 4227776548934252}
  m_Layer: 0
  m_Name: Left_ForeArm
  m_TagString: Untagged
  m_Icon: {fileID: 0}
  m_NavMeshLayer: 0
  m_StaticEditorFlags: 0
  m_IsActive: 1
--- !u!1 &1254294590462228
GameObject:
  m_ObjectHideFlags: 0
  m_CorrespondingSourceObject: {fileID: 0}
  m_PrefabInternal: {fileID: 100100000}
  serializedVersion: 6
  m_Component:
  - component: {fileID: 4141589571102648}
  - component: {fileID: 95989392712417654}
  m_Layer: 0
  m_Name: idle_laying
  m_TagString: Untagged
  m_Icon: {fileID: 0}
  m_NavMeshLayer: 0
  m_StaticEditorFlags: 0
  m_IsActive: 1
--- !u!1 &1270580626165324
GameObject:
  m_ObjectHideFlags: 1
  m_CorrespondingSourceObject: {fileID: 0}
  m_PrefabInternal: {fileID: 100100000}
  serializedVersion: 6
  m_Component:
  - component: {fileID: 4018696622156004}
  m_Layer: 0
  m_Name: left_zanu1
  m_TagString: Untagged
  m_Icon: {fileID: 0}
  m_NavMeshLayer: 0
  m_StaticEditorFlags: 0
  m_IsActive: 1
--- !u!1 &1305340726941306
GameObject:
  m_ObjectHideFlags: 0
  m_CorrespondingSourceObject: {fileID: 0}
  m_PrefabInternal: {fileID: 100100000}
  serializedVersion: 6
  m_Component:
  - component: {fileID: 4644788417155430}
  - component: {fileID: 137148775076900640}
  m_Layer: 0
  m_Name: alligator2
  m_TagString: Untagged
  m_Icon: {fileID: 0}
  m_NavMeshLayer: 0
  m_StaticEditorFlags: 0
  m_IsActive: 1
--- !u!1 &1330846542021104
GameObject:
  m_ObjectHideFlags: 1
  m_CorrespondingSourceObject: {fileID: 0}
  m_PrefabInternal: {fileID: 100100000}
  serializedVersion: 6
  m_Component:
  - component: {fileID: 4898487823403334}
  m_Layer: 0
  m_Name: tail_8
  m_TagString: Untagged
  m_Icon: {fileID: 0}
  m_NavMeshLayer: 0
  m_StaticEditorFlags: 0
  m_IsActive: 1
--- !u!1 &1352218822332016
GameObject:
  m_ObjectHideFlags: 1
  m_CorrespondingSourceObject: {fileID: 0}
  m_PrefabInternal: {fileID: 100100000}
  serializedVersion: 6
  m_Component:
  - component: {fileID: 4727393425794842}
  m_Layer: 0
  m_Name: neck2
  m_TagString: Untagged
  m_Icon: {fileID: 0}
  m_NavMeshLayer: 0
  m_StaticEditorFlags: 0
  m_IsActive: 1
--- !u!1 &1381078722159946
GameObject:
  m_ObjectHideFlags: 1
  m_CorrespondingSourceObject: {fileID: 0}
  m_PrefabInternal: {fileID: 100100000}
  serializedVersion: 6
  m_Component:
  - component: {fileID: 4001318055667272}
  m_Layer: 0
  m_Name: right_leg2
  m_TagString: Untagged
  m_Icon: {fileID: 0}
  m_NavMeshLayer: 0
  m_StaticEditorFlags: 0
  m_IsActive: 1
--- !u!1 &1386087913774012
GameObject:
  m_ObjectHideFlags: 1
  m_CorrespondingSourceObject: {fileID: 0}
  m_PrefabInternal: {fileID: 100100000}
  serializedVersion: 6
  m_Component:
  - component: {fileID: 4118502797830068}
  m_Layer: 0
  m_Name: Left_Hand
  m_TagString: Untagged
  m_Icon: {fileID: 0}
  m_NavMeshLayer: 0
  m_StaticEditorFlags: 0
  m_IsActive: 1
--- !u!1 &1401138763686970
GameObject:
  m_ObjectHideFlags: 1
  m_CorrespondingSourceObject: {fileID: 0}
  m_PrefabInternal: {fileID: 100100000}
  serializedVersion: 6
  m_Component:
  - component: {fileID: 4659990864590574}
  m_Layer: 0
  m_Name: Right_Hand
  m_TagString: Untagged
  m_Icon: {fileID: 0}
  m_NavMeshLayer: 0
  m_StaticEditorFlags: 0
  m_IsActive: 1
--- !u!1 &1430468802609202
GameObject:
  m_ObjectHideFlags: 1
  m_CorrespondingSourceObject: {fileID: 0}
  m_PrefabInternal: {fileID: 100100000}
  serializedVersion: 6
  m_Component:
  - component: {fileID: 4040738394494554}
  m_Layer: 0
  m_Name: tail_7
  m_TagString: Untagged
  m_Icon: {fileID: 0}
  m_NavMeshLayer: 0
  m_StaticEditorFlags: 0
  m_IsActive: 1
--- !u!1 &1430757929228554
GameObject:
  m_ObjectHideFlags: 1
  m_CorrespondingSourceObject: {fileID: 0}
  m_PrefabInternal: {fileID: 100100000}
  serializedVersion: 6
  m_Component:
  - component: {fileID: 4475592172168142}
  m_Layer: 0
  m_Name: neck1
  m_TagString: Untagged
  m_Icon: {fileID: 0}
  m_NavMeshLayer: 0
  m_StaticEditorFlags: 0
  m_IsActive: 1
--- !u!1 &1438722478914274
GameObject:
  m_ObjectHideFlags: 1
  m_CorrespondingSourceObject: {fileID: 0}
  m_PrefabInternal: {fileID: 100100000}
  serializedVersion: 6
  m_Component:
  - component: {fileID: 4494410514507756}
  m_Layer: 0
  m_Name: spine3
  m_TagString: Untagged
  m_Icon: {fileID: 0}
  m_NavMeshLayer: 0
  m_StaticEditorFlags: 0
  m_IsActive: 1
--- !u!1 &1453977976901008
GameObject:
  m_ObjectHideFlags: 1
  m_CorrespondingSourceObject: {fileID: 0}
  m_PrefabInternal: {fileID: 100100000}
  serializedVersion: 6
  m_Component:
  - component: {fileID: 4205486394570158}
  m_Layer: 0
  m_Name: tail_9
  m_TagString: Untagged
  m_Icon: {fileID: 0}
  m_NavMeshLayer: 0
  m_StaticEditorFlags: 0
  m_IsActive: 1
--- !u!1 &1501883374172112
GameObject:
  m_ObjectHideFlags: 1
  m_CorrespondingSourceObject: {fileID: 0}
  m_PrefabInternal: {fileID: 100100000}
  serializedVersion: 6
  m_Component:
  - component: {fileID: 4180585055730318}
  m_Layer: 0
  m_Name: tail_6
  m_TagString: Untagged
  m_Icon: {fileID: 0}
  m_NavMeshLayer: 0
  m_StaticEditorFlags: 0
  m_IsActive: 1
--- !u!1 &1577533270430316
GameObject:
  m_ObjectHideFlags: 1
  m_CorrespondingSourceObject: {fileID: 0}
  m_PrefabInternal: {fileID: 100100000}
  serializedVersion: 6
  m_Component:
  - component: {fileID: 4493052927658862}
  m_Layer: 0
  m_Name: tail_5
  m_TagString: Untagged
  m_Icon: {fileID: 0}
  m_NavMeshLayer: 0
  m_StaticEditorFlags: 0
  m_IsActive: 1
--- !u!1 &1623789600386410
GameObject:
  m_ObjectHideFlags: 1
  m_CorrespondingSourceObject: {fileID: 0}
  m_PrefabInternal: {fileID: 100100000}
  serializedVersion: 6
  m_Component:
  - component: {fileID: 4213361167611854}
  m_Layer: 0
  m_Name: Jaw
  m_TagString: Untagged
  m_Icon: {fileID: 0}
  m_NavMeshLayer: 0
  m_StaticEditorFlags: 0
  m_IsActive: 1
--- !u!1 &1631075966790308
GameObject:
  m_ObjectHideFlags: 1
  m_CorrespondingSourceObject: {fileID: 0}
  m_PrefabInternal: {fileID: 100100000}
  serializedVersion: 6
  m_Component:
  - component: {fileID: 4986900973664928}
  m_Layer: 0
  m_Name: tail_3
  m_TagString: Untagged
  m_Icon: {fileID: 0}
  m_NavMeshLayer: 0
  m_StaticEditorFlags: 0
  m_IsActive: 1
--- !u!1 &1665131482190616
GameObject:
  m_ObjectHideFlags: 1
  m_CorrespondingSourceObject: {fileID: 0}
  m_PrefabInternal: {fileID: 100100000}
  serializedVersion: 6
  m_Component:
  - component: {fileID: 4629507008289608}
  m_Layer: 0
  m_Name: tail_1
  m_TagString: Untagged
  m_Icon: {fileID: 0}
  m_NavMeshLayer: 0
  m_StaticEditorFlags: 0
  m_IsActive: 1
--- !u!1 &1689045796415000
GameObject:
  m_ObjectHideFlags: 1
  m_CorrespondingSourceObject: {fileID: 0}
  m_PrefabInternal: {fileID: 100100000}
  serializedVersion: 6
  m_Component:
  - component: {fileID: 4076374619341878}
  m_Layer: 0
  m_Name: tail_2
  m_TagString: Untagged
  m_Icon: {fileID: 0}
  m_NavMeshLayer: 0
  m_StaticEditorFlags: 0
  m_IsActive: 1
--- !u!1 &1717555821145422
GameObject:
  m_ObjectHideFlags: 1
  m_CorrespondingSourceObject: {fileID: 0}
  m_PrefabInternal: {fileID: 100100000}
  serializedVersion: 6
  m_Component:
  - component: {fileID: 4975702375622246}
  m_Layer: 0
  m_Name: tail_4
  m_TagString: Untagged
  m_Icon: {fileID: 0}
  m_NavMeshLayer: 0
  m_StaticEditorFlags: 0
  m_IsActive: 1
--- !u!1 &1786094995973924
GameObject:
  m_ObjectHideFlags: 1
  m_CorrespondingSourceObject: {fileID: 0}
  m_PrefabInternal: {fileID: 100100000}
  serializedVersion: 6
  m_Component:
  - component: {fileID: 4426105873190990}
  m_Layer: 0
  m_Name: spine1
  m_TagString: Untagged
  m_Icon: {fileID: 0}
  m_NavMeshLayer: 0
  m_StaticEditorFlags: 0
  m_IsActive: 1
--- !u!1 &1789883801315126
GameObject:
  m_ObjectHideFlags: 1
  m_CorrespondingSourceObject: {fileID: 0}
  m_PrefabInternal: {fileID: 100100000}
  serializedVersion: 6
  m_Component:
  - component: {fileID: 4906498892490160}
  m_Layer: 0
  m_Name: left_pa1
  m_TagString: Untagged
  m_Icon: {fileID: 0}
  m_NavMeshLayer: 0
  m_StaticEditorFlags: 0
  m_IsActive: 1
--- !u!1 &1849740283626136
GameObject:
  m_ObjectHideFlags: 1
  m_CorrespondingSourceObject: {fileID: 0}
  m_PrefabInternal: {fileID: 100100000}
  serializedVersion: 6
  m_Component:
  - component: {fileID: 4411971183067442}
  m_Layer: 0
  m_Name: tail_10
  m_TagString: Untagged
  m_Icon: {fileID: 0}
  m_NavMeshLayer: 0
  m_StaticEditorFlags: 0
  m_IsActive: 1
--- !u!1 &1868805475713044
GameObject:
  m_ObjectHideFlags: 1
  m_CorrespondingSourceObject: {fileID: 0}
  m_PrefabInternal: {fileID: 100100000}
  serializedVersion: 6
  m_Component:
  - component: {fileID: 4386530083560100}
  m_Layer: 0
  m_Name: Left_Arm
  m_TagString: Untagged
  m_Icon: {fileID: 0}
  m_NavMeshLayer: 0
  m_StaticEditorFlags: 0
  m_IsActive: 1
--- !u!1 &1888591682752478
GameObject:
  m_ObjectHideFlags: 1
  m_CorrespondingSourceObject: {fileID: 0}
  m_PrefabInternal: {fileID: 100100000}
  serializedVersion: 6
  m_Component:
  - component: {fileID: 4829429497123358}
  m_Layer: 0
  m_Name: neck3
  m_TagString: Untagged
  m_Icon: {fileID: 0}
  m_NavMeshLayer: 0
  m_StaticEditorFlags: 0
  m_IsActive: 1
--- !u!1 &1920518991234292
GameObject:
  m_ObjectHideFlags: 1
  m_CorrespondingSourceObject: {fileID: 0}
  m_PrefabInternal: {fileID: 100100000}
  serializedVersion: 6
  m_Component:
  - component: {fileID: 4557643021925232}
  m_Layer: 0
  m_Name: right_pa1
  m_TagString: Untagged
  m_Icon: {fileID: 0}
  m_NavMeshLayer: 0
  m_StaticEditorFlags: 0
  m_IsActive: 1
--- !u!1 &1953858294909636
GameObject:
  m_ObjectHideFlags: 0
  m_CorrespondingSourceObject: {fileID: 0}
  m_PrefabInternal: {fileID: 100100000}
  serializedVersion: 6
  m_Component:
  - component: {fileID: 4465204277855028}
  m_Layer: 0
  m_Name: hip1
  m_TagString: Untagged
  m_Icon: {fileID: 0}
  m_NavMeshLayer: 0
  m_StaticEditorFlags: 0
  m_IsActive: 1
--- !u!4 &4001318055667272
Transform:
  m_ObjectHideFlags: 1
  m_CorrespondingSourceObject: {fileID: 0}
  m_PrefabInternal: {fileID: 100100000}
  m_GameObject: {fileID: 1381078722159946}
  m_LocalRotation: {x: 0.9255012, y: 0.24934503, z: -0.05330526, w: 0.28005916}
  m_LocalPosition: {x: 0.3369115, y: -0.01735988, z: 0.06705846}
  m_LocalScale: {x: 1, y: 1, z: 1}
  m_Children:
  - {fileID: 4221322988773168}
  m_Father: {fileID: 4465204277855028}
  m_RootOrder: 1
  m_LocalEulerAnglesHint: {x: 0, y: 0, z: 0}
--- !u!4 &4018696622156004
Transform:
  m_ObjectHideFlags: 1
  m_CorrespondingSourceObject: {fileID: 0}
  m_PrefabInternal: {fileID: 100100000}
  m_GameObject: {fileID: 1270580626165324}
  m_LocalRotation: {x: 0.22218035, y: -0.16486838, z: -0.56709146, w: 0.7757973}
  m_LocalPosition: {x: -0.85931045, y: -0.8558688, z: 0.87147063}
  m_LocalScale: {x: 1, y: 1, z: 1}
  m_Children:
  - {fileID: 4906498892490160}
  m_Father: {fileID: 4566000435497108}
  m_RootOrder: 0
  m_LocalEulerAnglesHint: {x: 0, y: 0, z: 0}
--- !u!4 &4040738394494554
Transform:
  m_ObjectHideFlags: 1
  m_CorrespondingSourceObject: {fileID: 0}
  m_PrefabInternal: {fileID: 100100000}
  m_GameObject: {fileID: 1430468802609202}
  m_LocalRotation: {x: 0.08161821, y: -0.002334304, z: -0.014737061, w: 0.996552}
  m_LocalPosition: {x: -0.6615631, y: 0, z: 0}
  m_LocalScale: {x: 1, y: 1, z: 1}
  m_Children:
  - {fileID: 4898487823403334}
  m_Father: {fileID: 4180585055730318}
  m_RootOrder: 0
  m_LocalEulerAnglesHint: {x: 0, y: 0, z: 0}
--- !u!4 &4076374619341878
Transform:
  m_ObjectHideFlags: 1
  m_CorrespondingSourceObject: {fileID: 0}
  m_PrefabInternal: {fileID: 100100000}
  m_GameObject: {fileID: 1689045796415000}
  m_LocalRotation: {x: 0.03792385, y: -0, z: -0, w: 0.99928063}
  m_LocalPosition: {x: -0, y: -0.10691048, z: -0.8698137}
  m_LocalScale: {x: 1, y: 1, z: 1}
  m_Children:
  - {fileID: 4986900973664928}
  m_Father: {fileID: 4629507008289608}
  m_RootOrder: 0
  m_LocalEulerAnglesHint: {x: 0, y: 0, z: 0}
--- !u!4 &4118502797830068
Transform:
  m_ObjectHideFlags: 1
  m_CorrespondingSourceObject: {fileID: 0}
  m_PrefabInternal: {fileID: 100100000}
  m_GameObject: {fileID: 1386087913774012}
  m_LocalRotation: {x: 0.00498449, y: 0.9005301, z: -0.09184984, w: -0.42495212}
  m_LocalPosition: {x: -0.86943126, y: -0.56049424, z: 0.037528798}
  m_LocalScale: {x: 1, y: 1, z: 1}
  m_Children: []
  m_Father: {fileID: 4227776548934252}
  m_RootOrder: 0
  m_LocalEulerAnglesHint: {x: 0, y: 0, z: 0}
--- !u!4 &4141589571102648
Transform:
  m_ObjectHideFlags: 1
  m_CorrespondingSourceObject: {fileID: 0}
  m_PrefabInternal: {fileID: 100100000}
  m_GameObject: {fileID: 1254294590462228}
  m_LocalRotation: {x: 0, y: 0, z: 0, w: 1}
  m_LocalPosition: {x: 0, y: 0, z: 0}
  m_LocalScale: {x: 1, y: 1, z: 1}
  m_Children:
  - {fileID: 4644788417155430}
  - {fileID: 4465204277855028}
  m_Father: {fileID: 0}
  m_RootOrder: 0
  m_LocalEulerAnglesHint: {x: 0, y: 0, z: 0}
--- !u!4 &4180585055730318
Transform:
  m_ObjectHideFlags: 1
  m_CorrespondingSourceObject: {fileID: 0}
  m_PrefabInternal: {fileID: 100100000}
  m_GameObject: {fileID: 1501883374172112}
  m_LocalRotation: {x: 0, y: -0, z: -0.0022452013, w: 0.9999975}
  m_LocalPosition: {x: -0.63672173, y: 0, z: 0}
  m_LocalScale: {x: 1, y: 1, z: 1}
  m_Children:
  - {fileID: 4040738394494554}
  m_Father: {fileID: 4493052927658862}
  m_RootOrder: 0
  m_LocalEulerAnglesHint: {x: 0, y: 0, z: 0}
--- !u!4 &4205486394570158
Transform:
  m_ObjectHideFlags: 1
  m_CorrespondingSourceObject: {fileID: 0}
  m_PrefabInternal: {fileID: 100100000}
  m_GameObject: {fileID: 1453977976901008}
  m_LocalRotation: {x: -0.0011512232, y: -0.0016188995, z: -0.037584826, w: 0.9992915}
  m_LocalPosition: {x: -0.6350782, y: 0, z: 0}
  m_LocalScale: {x: 1, y: 1, z: 1}
  m_Children:
  - {fileID: 4411971183067442}
  m_Father: {fileID: 4898487823403334}
  m_RootOrder: 0
  m_LocalEulerAnglesHint: {x: 0, y: 0, z: 0}
--- !u!4 &4213361167611854
Transform:
  m_ObjectHideFlags: 1
  m_CorrespondingSourceObject: {fileID: 0}
  m_PrefabInternal: {fileID: 100100000}
  m_GameObject: {fileID: 1623789600386410}
  m_LocalRotation: {x: -0.109164916, y: 0, z: -0, w: 0.9940237}
  m_LocalPosition: {x: -0, y: -0.17810667, z: -0.041990202}
  m_LocalScale: {x: 1, y: 1, z: 1}
  m_Children: []
  m_Father: {fileID: 4465387229470478}
  m_RootOrder: 0
  m_LocalEulerAnglesHint: {x: 0, y: 0, z: 0}
--- !u!4 &4221322988773168
Transform:
  m_ObjectHideFlags: 1
  m_CorrespondingSourceObject: {fileID: 0}
  m_PrefabInternal: {fileID: 100100000}
  m_GameObject: {fileID: 1077948879304832}
  m_LocalRotation: {x: 0.13101888, y: -0.21255365, z: -0.48274902, w: 0.83940953}
  m_LocalPosition: {x: 0.9164382, y: 0.85688335, z: -0.89645195}
  m_LocalScale: {x: 1, y: 1, z: 1}
  m_Children:
  - {fileID: 4557643021925232}
  m_Father: {fileID: 4001318055667272}
  m_RootOrder: 0
  m_LocalEulerAnglesHint: {x: 0, y: 0, z: 0}
--- !u!4 &4223879845075958
Transform:
  m_ObjectHideFlags: 1
  m_CorrespondingSourceObject: {fileID: 0}
  m_PrefabInternal: {fileID: 100100000}
  m_GameObject: {fileID: 1174449962591432}
  m_LocalRotation: {x: 0.0055052917, y: 0.7235007, z: 0.008503778, w: 0.6902494}
  m_LocalPosition: {x: -0.6280004, y: 0, z: 0}
  m_LocalScale: {x: 1, y: 1, z: 1}
  m_Children: []
  m_Father: {fileID: 4411971183067442}
  m_RootOrder: 0
  m_LocalEulerAnglesHint: {x: 0, y: 0, z: 0}
--- !u!4 &4227776548934252
Transform:
  m_ObjectHideFlags: 1
  m_CorrespondingSourceObject: {fileID: 0}
  m_PrefabInternal: {fileID: 100100000}
  m_GameObject: {fileID: 1215929485646332}
  m_LocalRotation: {x: -0.15155235, y: 0.91853744, z: -0.06918399, w: 0.35851705}
  m_LocalPosition: {x: -0.9472864, y: -0.49313197, z: -0.008553794}
  m_LocalScale: {x: 1, y: 1, z: 1}
  m_Children:
  - {fileID: 4118502797830068}
  m_Father: {fileID: 4386530083560100}
  m_RootOrder: 0
  m_LocalEulerAnglesHint: {x: 0, y: 0, z: 0}
--- !u!4 &4386530083560100
Transform:
  m_ObjectHideFlags: 1
  m_CorrespondingSourceObject: {fileID: 0}
  m_PrefabInternal: {fileID: 100100000}
  m_GameObject: {fileID: 1868805475713044}
  m_LocalRotation: {x: 0.29397583, y: -0.29837525, z: -0.20867212, w: 0.8837457}
  m_LocalPosition: {x: -0.86755496, y: 0.4164435, z: 0.33660632}
  m_LocalScale: {x: 1, y: 1, z: 1}
  m_Children:
  - {fileID: 4227776548934252}
  m_Father: {fileID: 4494410514507756}
  m_RootOrder: 0
  m_LocalEulerAnglesHint: {x: 0, y: 0, z: 0}
--- !u!4 &4411971183067442
Transform:
  m_ObjectHideFlags: 1
  m_CorrespondingSourceObject: {fileID: 0}
  m_PrefabInternal: {fileID: 100100000}
  m_GameObject: {fileID: 1849740283626136}
  m_LocalRotation: {x: 0, y: -0, z: -0.00920385, w: 0.9999577}
  m_LocalPosition: {x: -0.61388123, y: 0, z: 0}
  m_LocalScale: {x: 1, y: 1, z: 1}
  m_Children:
  - {fileID: 4223879845075958}
  m_Father: {fileID: 4205486394570158}
  m_RootOrder: 0
  m_LocalEulerAnglesHint: {x: 0, y: 0, z: 0}
--- !u!4 &4426105873190990
Transform:
  m_ObjectHideFlags: 1
  m_CorrespondingSourceObject: {fileID: 0}
  m_PrefabInternal: {fileID: 100100000}
  m_GameObject: {fileID: 1786094995973924}
  m_LocalRotation: {x: -0.10241348, y: -0.0000030700435, z: -0.0000013940081, w: 0.9947419}
  m_LocalPosition: {x: 0.00000045141965, y: 0.10088381, z: 0.2669264}
  m_LocalScale: {x: 1, y: 1, z: 1}
  m_Children:
  - {fileID: 4849653941492448}
  m_Father: {fileID: 4465204277855028}
  m_RootOrder: 2
  m_LocalEulerAnglesHint: {x: 0, y: 0, z: 0}
--- !u!4 &4465204277855028
Transform:
  m_ObjectHideFlags: 1
  m_CorrespondingSourceObject: {fileID: 0}
  m_PrefabInternal: {fileID: 100100000}
  m_GameObject: {fileID: 1953858294909636}
  m_LocalRotation: {x: 0, y: 0, z: 0.011694454, w: 0.99993163}
  m_LocalPosition: {x: -0.0006090215, y: 1.4021484, z: -0.0131430635}
  m_LocalScale: {x: 1, y: 1, z: 1}
  m_Children:
  - {fileID: 4566000435497108}
  - {fileID: 4001318055667272}
  - {fileID: 4426105873190990}
  - {fileID: 4629507008289608}
  m_Father: {fileID: 4141589571102648}
  m_RootOrder: 1
  m_LocalEulerAnglesHint: {x: 0, y: 0, z: 0}
--- !u!4 &4465387229470478
Transform:
  m_ObjectHideFlags: 1
  m_CorrespondingSourceObject: {fileID: 0}
  m_PrefabInternal: {fileID: 100100000}
  m_GameObject: {fileID: 1065204323751266}
  m_LocalRotation: {x: -0.4569196, y: 0, z: -0, w: 0.889508}
  m_LocalPosition: {x: -0.00000021407475, y: 0.4136674, z: 0.41158628}
  m_LocalScale: {x: 1, y: 1, z: 1}
  m_Children:
  - {fileID: 4213361167611854}
  m_Father: {fileID: 4829429497123358}
  m_RootOrder: 0
  m_LocalEulerAnglesHint: {x: 0, y: 0, z: 0}
--- !u!4 &4475592172168142
Transform:
  m_ObjectHideFlags: 1
  m_CorrespondingSourceObject: {fileID: 0}
  m_PrefabInternal: {fileID: 100100000}
  m_GameObject: {fileID: 1430757929228554}
  m_LocalRotation: {x: 0.17580271, y: 0.684904, z: 0.17580271, w: 0.684904}
  m_LocalPosition: {x: -0.0000009402367, y: -0.28700647, z: 2.5154324}
  m_LocalScale: {x: 1, y: 1, z: 1}
  m_Children:
  - {fileID: 4727393425794842}
  m_Father: {fileID: 4849653941492448}
  m_RootOrder: 0
  m_LocalEulerAnglesHint: {x: 0, y: 0, z: 0}
--- !u!4 &4487316519853028
Transform:
  m_ObjectHideFlags: 1
  m_CorrespondingSourceObject: {fileID: 0}
  m_PrefabInternal: {fileID: 100100000}
  m_GameObject: {fileID: 1072126335364944}
  m_LocalRotation: {x: -0.16052696, y: 0.9122329, z: -0.07137803, w: 0.37009117}
  m_LocalPosition: {x: 0.9405281, y: 0.4918952, z: 0.0052959747}
  m_LocalScale: {x: 1, y: 1, z: 1}
  m_Children:
  - {fileID: 4659990864590574}
  m_Father: {fileID: 4581723025115734}
  m_RootOrder: 0
  m_LocalEulerAnglesHint: {x: 0, y: 0, z: 0}
--- !u!4 &4493052927658862
Transform:
  m_ObjectHideFlags: 1
  m_CorrespondingSourceObject: {fileID: 0}
  m_PrefabInternal: {fileID: 100100000}
  m_GameObject: {fileID: 1577533270430316}
  m_LocalRotation: {x: 0, y: -0, z: -0.0010298663, w: 0.99999946}
  m_LocalPosition: {x: -0.6263964, y: 0, z: 0}
  m_LocalScale: {x: 1, y: 1, z: 1}
  m_Children:
  - {fileID: 4180585055730318}
  m_Father: {fileID: 4975702375622246}
  m_RootOrder: 0
  m_LocalEulerAnglesHint: {x: 0, y: 0, z: 0}
--- !u!4 &4494410514507756
Transform:
  m_ObjectHideFlags: 1
  m_CorrespondingSourceObject: {fileID: 0}
  m_PrefabInternal: {fileID: 100100000}
  m_GameObject: {fileID: 1438722478914274}
  m_LocalRotation: {x: -0.063117854, y: 0, z: -0, w: 0.9980061}
  m_LocalPosition: {x: -0.0000009064875, y: -1.3568699, z: 2.2740078}
  m_LocalScale: {x: 1, y: 1, z: 1}
  m_Children:
  - {fileID: 4386530083560100}
  - {fileID: 4581723025115734}
  m_Father: {fileID: 4849653941492448}
  m_RootOrder: 1
  m_LocalEulerAnglesHint: {x: 0, y: 0, z: 0}
--- !u!4 &4557643021925232
Transform:
  m_ObjectHideFlags: 1
  m_CorrespondingSourceObject: {fileID: 0}
  m_PrefabInternal: {fileID: 100100000}
  m_GameObject: {fileID: 1920518991234292}
  m_LocalRotation: {x: 0.013821765, y: 0.15377194, z: 0.38852298, w: 0.9084124}
  m_LocalPosition: {x: -0.12451271, y: 1.1820599, z: 1.2848659}
  m_LocalScale: {x: 1, y: 1, z: 1}
  m_Children: []
  m_Father: {fileID: 4221322988773168}
  m_RootOrder: 0
  m_LocalEulerAnglesHint: {x: 0, y: 0, z: 0}
--- !u!4 &4566000435497108
Transform:
  m_ObjectHideFlags: 1
  m_CorrespondingSourceObject: {fileID: 0}
  m_PrefabInternal: {fileID: 100100000}
  m_GameObject: {fileID: 1061775359730408}
  m_LocalRotation: {x: -0.34741035, y: 0.022117041, z: -0.15552379, w: 0.9244616}
  m_LocalPosition: {x: -0.33691105, y: -0.01735887, z: 0.06705647}
  m_LocalScale: {x: 1, y: 1, z: 1}
  m_Children:
  - {fileID: 4018696622156004}
  m_Father: {fileID: 4465204277855028}
  m_RootOrder: 0
  m_LocalEulerAnglesHint: {x: 0, y: 0, z: 0}
--- !u!4 &4581723025115734
Transform:
  m_ObjectHideFlags: 1
  m_CorrespondingSourceObject: {fileID: 0}
  m_PrefabInternal: {fileID: 100100000}
  m_GameObject: {fileID: 1007093870252970}
  m_LocalRotation: {x: 0.8892687, y: 0.17566729, z: -0.32121542, w: -0.27415836}
  m_LocalPosition: {x: 0.867556, y: 0.41644472, z: 0.33660477}
  m_LocalScale: {x: 1, y: 1, z: 1}
  m_Children:
  - {fileID: 4487316519853028}
  m_Father: {fileID: 4494410514507756}
  m_RootOrder: 1
  m_LocalEulerAnglesHint: {x: 0, y: 0, z: 0}
--- !u!4 &4629507008289608
Transform:
  m_ObjectHideFlags: 1
  m_CorrespondingSourceObject: {fileID: 0}
  m_PrefabInternal: {fileID: 100100000}
  m_GameObject: {fileID: 1665131482190616}
  m_LocalRotation: {x: -0.078204, y: -0.0000000014718929, z: 0.000000024587285, w: 0.9969374}
  m_LocalPosition: {x: -0, y: -0.008050995, z: -0.29539734}
  m_LocalScale: {x: 1, y: 1, z: 1}
  m_Children:
  - {fileID: 4076374619341878}
  m_Father: {fileID: 4465204277855028}
  m_RootOrder: 3
  m_LocalEulerAnglesHint: {x: 0, y: 0, z: 0}
--- !u!4 &4644788417155430
Transform:
  m_ObjectHideFlags: 1
  m_CorrespondingSourceObject: {fileID: 0}
  m_PrefabInternal: {fileID: 100100000}
  m_GameObject: {fileID: 1305340726941306}
  m_LocalRotation: {x: 0, y: -0, z: -0, w: 1}
  m_LocalPosition: {x: -0, y: 0, z: 0}
  m_LocalScale: {x: 1, y: 1, z: 1}
  m_Children: []
  m_Father: {fileID: 4141589571102648}
  m_RootOrder: 0
  m_LocalEulerAnglesHint: {x: 0, y: 0, z: 0}
--- !u!4 &4659990864590574
Transform:
  m_ObjectHideFlags: 1
  m_CorrespondingSourceObject: {fileID: 0}
  m_PrefabInternal: {fileID: 100100000}
  m_GameObject: {fileID: 1401138763686970}
  m_LocalRotation: {x: 0.016287595, y: -0.8080291, z: 0.09919518, w: 0.5805031}
  m_LocalPosition: {x: 0.86804694, y: 0.56030047, z: -0.03759247}
  m_LocalScale: {x: 1, y: 1, z: 1}
  m_Children: []
  m_Father: {fileID: 4487316519853028}
  m_RootOrder: 0
  m_LocalEulerAnglesHint: {x: 0, y: 0, z: 0}
--- !u!4 &4727393425794842
Transform:
  m_ObjectHideFlags: 1
  m_CorrespondingSourceObject: {fileID: 0}
  m_PrefabInternal: {fileID: 100100000}
  m_GameObject: {fileID: 1352218822332016}
  m_LocalRotation: {x: 0, y: -0, z: -0.008405267, w: 0.9999647}
  m_LocalPosition: {x: -0.45047432, y: -0.000000957344, z: -0.0000001564116}
  m_LocalScale: {x: 1, y: 1, z: 1}
  m_Children:
  - {fileID: 4829429497123358}
  m_Father: {fileID: 4475592172168142}
  m_RootOrder: 0
  m_LocalEulerAnglesHint: {x: 0, y: 0, z: 0}
--- !u!4 &4829429497123358
Transform:
  m_ObjectHideFlags: 1
  m_CorrespondingSourceObject: {fileID: 0}
  m_PrefabInternal: {fileID: 100100000}
  m_GameObject: {fileID: 1888591682752478}
  m_LocalRotation: {x: 0.208772, y: -0.6755844, z: 0.208772, w: 0.6755844}
  m_LocalPosition: {x: -0.6551508, y: 0.00000010153723, z: -0.0000002289028}
  m_LocalScale: {x: 1, y: 1, z: 1}
  m_Children:
  - {fileID: 4465387229470478}
  m_Father: {fileID: 4727393425794842}
  m_RootOrder: 0
  m_LocalEulerAnglesHint: {x: 0, y: 0, z: 0}
--- !u!4 &4849653941492448
Transform:
  m_ObjectHideFlags: 1
  m_CorrespondingSourceObject: {fileID: 0}
  m_PrefabInternal: {fileID: 100100000}
  m_GameObject: {fileID: 1162857091516812}
  m_LocalRotation: {x: 0.08940949, y: -0, z: -0, w: 0.995995}
  m_LocalPosition: {x: -0.00000061815103, y: -0.084313646, z: 1.7240634}
  m_LocalScale: {x: 1, y: 1, z: 1}
  m_Children:
  - {fileID: 4475592172168142}
  - {fileID: 4494410514507756}
  m_Father: {fileID: 4426105873190990}
  m_RootOrder: 0
  m_LocalEulerAnglesHint: {x: 0, y: 0, z: 0}
--- !u!4 &4898487823403334
Transform:
  m_ObjectHideFlags: 1
  m_CorrespondingSourceObject: {fileID: 0}
  m_PrefabInternal: {fileID: 100100000}
  m_GameObject: {fileID: 1330846542021104}
  m_LocalRotation: {x: 0.01505187, y: -0.001769938, z: 0.006820863, w: 0.9998619}
  m_LocalPosition: {x: -0.64429826, y: 0, z: 0}
  m_LocalScale: {x: 1, y: 1, z: 1}
  m_Children:
  - {fileID: 4205486394570158}
  m_Father: {fileID: 4040738394494554}
  m_RootOrder: 0
  m_LocalEulerAnglesHint: {x: 0, y: 0, z: 0}
--- !u!4 &4906498892490160
Transform:
  m_ObjectHideFlags: 1
  m_CorrespondingSourceObject: {fileID: 0}
  m_PrefabInternal: {fileID: 100100000}
  m_GameObject: {fileID: 1789883801315126}
  m_LocalRotation: {x: 0.0013734417, y: 0.12762855, z: 0.37949222, w: 0.9163486}
  m_LocalPosition: {x: 0.11541541, y: -1.178872, z: -1.2857571}
  m_LocalScale: {x: 1, y: 1, z: 1}
  m_Children: []
  m_Father: {fileID: 4018696622156004}
  m_RootOrder: 0
  m_LocalEulerAnglesHint: {x: 0, y: 0, z: 0}
--- !u!4 &4975702375622246
Transform:
  m_ObjectHideFlags: 1
  m_CorrespondingSourceObject: {fileID: 0}
  m_PrefabInternal: {fileID: 100100000}
  m_GameObject: {fileID: 1717555821145422}
  m_LocalRotation: {x: 0, y: -0, z: -0.008550812, w: 0.99996346}
  m_LocalPosition: {x: -0.8431972, y: 0, z: 0}
  m_LocalScale: {x: 1, y: 1, z: 1}
  m_Children:
  - {fileID: 4493052927658862}
  m_Father: {fileID: 4986900973664928}
  m_RootOrder: 0
  m_LocalEulerAnglesHint: {x: 0, y: 0, z: 0}
--- !u!4 &4986900973664928
Transform:
  m_ObjectHideFlags: 1
  m_CorrespondingSourceObject: {fileID: 0}
  m_PrefabInternal: {fileID: 100100000}
  m_GameObject: {fileID: 1631075966790308}
  m_LocalRotation: {x: -0.022545595, y: -0.7067473, z: 0.022545595, w: 0.7067473}
  m_LocalPosition: {x: -0, y: -0.16188936, z: -0.7932181}
  m_LocalScale: {x: 1, y: 1, z: 1}
  m_Children:
  - {fileID: 4975702375622246}
  m_Father: {fileID: 4076374619341878}
  m_RootOrder: 0
  m_LocalEulerAnglesHint: {x: 0, y: 0, z: 0}
--- !u!95 &95989392712417654
Animator:
  serializedVersion: 3
  m_ObjectHideFlags: 1
  m_CorrespondingSourceObject: {fileID: 0}
  m_PrefabInternal: {fileID: 100100000}
  m_GameObject: {fileID: 1254294590462228}
  m_Enabled: 1
  m_Avatar: {fileID: 9000000, guid: 64d41444e77176a4d8d6699ffa520c0d, type: 3}
  m_Controller: {fileID: 9100000, guid: 9e57e83e28ff7fd408f05bb2dcc5b68f, type: 2}
  m_CullingMode: 1
  m_UpdateMode: 0
  m_ApplyRootMotion: 0
  m_LinearVelocityBlending: 0
  m_WarningMessage: 
  m_HasTransformHierarchy: 1
  m_AllowConstantClipSamplingOptimization: 1
  m_KeepAnimatorControllerStateOnDisable: 0
--- !u!137 &137148775076900640
SkinnedMeshRenderer:
  m_ObjectHideFlags: 1
  m_CorrespondingSourceObject: {fileID: 0}
  m_PrefabInternal: {fileID: 100100000}
  m_GameObject: {fileID: 1305340726941306}
  m_Enabled: 1
  m_CastShadows: 1
  m_ReceiveShadows: 1
  m_DynamicOccludee: 1
  m_MotionVectors: 1
  m_LightProbeUsage: 1
  m_ReflectionProbeUsage: 1
  m_RenderingLayerMask: 4294967295
  m_Materials:
  - {fileID: 2100000, guid: 64d41444e77176a4d8d6699ffa520c0d, type: 3}
  m_StaticBatchInfo:
    firstSubMesh: 0
    subMeshCount: 0
  m_StaticBatchRoot: {fileID: 0}
  m_ProbeAnchor: {fileID: 0}
  m_LightProbeVolumeOverride: {fileID: 0}
  m_ScaleInLightmap: 1
  m_PreserveUVs: 0
  m_IgnoreNormalsForChartDetection: 0
  m_ImportantGI: 0
  m_StitchLightmapSeams: 0
  m_SelectedEditorRenderState: 3
  m_MinimumChartSize: 4
  m_AutoUVMaxDistance: 0.5
  m_AutoUVMaxAngle: 89
  m_LightmapParameters: {fileID: 0}
  m_SortingLayerID: 0
  m_SortingLayer: 0
  m_SortingOrder: 0
  serializedVersion: 2
  m_Quality: 0
  m_UpdateWhenOffscreen: 0
  m_SkinnedMotionVectors: 1
  m_Mesh: {fileID: 4300000, guid: 64d41444e77176a4d8d6699ffa520c0d, type: 3}
  m_Bones:
  - {fileID: 4465204277855028}
  - {fileID: 4629507008289608}
  - {fileID: 4076374619341878}
  - {fileID: 4986900973664928}
  - {fileID: 4975702375622246}
  - {fileID: 4493052927658862}
  - {fileID: 4180585055730318}
  - {fileID: 4040738394494554}
  - {fileID: 4898487823403334}
  - {fileID: 4205486394570158}
  - {fileID: 4411971183067442}
  - {fileID: 4223879845075958}
  - {fileID: 4566000435497108}
  - {fileID: 4018696622156004}
  - {fileID: 4906498892490160}
  - {fileID: 4426105873190990}
  - {fileID: 4849653941492448}
  - {fileID: 4475592172168142}
  - {fileID: 4727393425794842}
  - {fileID: 4829429497123358}
  - {fileID: 4465387229470478}
  - {fileID: 4213361167611854}
  - {fileID: 4494410514507756}
  - {fileID: 4386530083560100}
  - {fileID: 4227776548934252}
  - {fileID: 4118502797830068}
  - {fileID: 4581723025115734}
  - {fileID: 4487316519853028}
  - {fileID: 4659990864590574}
  - {fileID: 4001318055667272}
  - {fileID: 4221322988773168}
  - {fileID: 4557643021925232}
  m_BlendShapeWeights: []
  m_RootBone: {fileID: 4465204277855028}
  m_AABB:
    m_Center: {x: 0.0024243593, y: -0.279325, z: 0.52912045}
    m_Extent: {x: 3.8845897, y: 3.012919, z: 8.694068}
  m_DirtyAABB: 0
